@book{grinberg2018,
  title={Flask Web Development: Developing Web Applications with Python},
  author={Grinberg, Miguel},
  year={2018},
  edition={2},
  publisher={O'Reilly Media},
  address={Sebastopol, CA}
}

@book{percival2020,
  title={Architecture Patterns with Python: Enabling Test-Driven Development, Domain-Driven Design, and Event-Driven Microservices},
  author={Percival, Harry and Gregory, Bob},
  year={2020},
  publisher={O'Reilly Media},
  address={Sebastopol, CA}
}

@book{tanenbaum2016,
  title={Distributed Systems: Principles and Paradigms},
  author={Tanenbaum, Andrew S. and Van Steen, Maarten},
  year={2016},
  edition={3},
  publisher={Pearson},
  address={Upper Saddle River, NJ}
}

@article{fielding2002,
  title={Principled design of the modern Web architecture},
  author={Fielding, Roy T. and Taylor, Richard N.},
  journal={ACM Transactions on Internet Technology},
  volume={2},
  number={2},
  pages={115--150},
  year={2002},
  doi={10.1145/514183.514185}
}

@misc{fastapi2022,
  title={FastAPI Documentation},
  author={{Tiangolo}},
  year={2022},
  howpublished={\url{https://fastapi.tiangolo.com/}},
  note={Accessed: 10 December 2023}
}

@misc{react2023,
  title={React Documentation},
  author={{Meta Platforms, Inc.}},
  year={2023},
  howpublished={\url{https://react.dev/reference/react}},
  note={Accessed: 10 December 2023}
}

@article{barker2021,
  title={A survey of web framework security: common vulnerabilities and their mitigation},
  author={Barker, Thomas},
  journal={Journal of Cybersecurity},
  volume={7},
  number={1},
  pages={1--13},
  year={2021},
  doi={10.1093/cybsec/tyab008}
}

@inproceedings{iacob2013,
  title={Retrieving and analyzing mobile apps feature requests from online reviews},
  author={Iacob, Claudia and Harrison, Rachel},
  booktitle={Proceedings of the 10th Working Conference on Mining Software Repositories},
  pages={41--44},
  year={2013},
  doi={10.1109/MSR.2013.6624001}
}

@misc{linkedin2022,
  title={Global Talent Trends 2022: The Reinvention of Company Culture},
  author={{LinkedIn Economic Graph Team}},
  year={2022},
  howpublished={\url{https://business.linkedin.com/talent-solutions/global-talent-trends}},
  note={Accessed: 12 December 2023}
}

@misc{kubernetes2023,
  title={Kubernetes Documentation},
  author={{Kubernetes Project}},
  year={2023},
  howpublished={\url{https://kubernetes.io/docs/home/}},
  note={Accessed: 15 December 2023}
}